% Encoding: UTF-8

@Book{teetor2011,
  title     = {R Cookbook: Proven Recipes for Data Analysis, Statistics, and Graphics},
  publisher = {O'Reilly Media},
  year      = {2011},
  author    = {Teetor, P.},
  isbn      = {9781449307264},
}

@Book{wilkinson2006,
  title     = {The Grammar of Graphics},
  publisher = {Springer New York},
  year      = {2006},
  author    = {Wilkinson, L. and Wills, D. and Rope, D. and Norton, A. and Dubbs, R.},
  series    = {Statistics and Computing},
  isbn      = {9780387286952},
}

@Book{tukey1977,
  title     = {Exploratory Data Analysis},
  publisher = {ADDISON WESLEY PUB CO INC},
  year      = {1977},
  author    = {Tukey, John W.},
  isbn      = {0201076160},
  date      = {1977-01-11},
}

@Comment{jabref-meta: databaseType:bibtex;}
